@inproceedings{shumandkang2000,
author = {Shum, Harry and Kang, Sing Bing},
year = {2000},
month = {05},
pages = {2-13},
title = {A Review of Image-Based Rendering Techniques},
volume = {4067},
doi = {10.1117/12.386541}
}


@misc{tewari2020state,
      title={State of the Art on Neural Rendering}, 
      author={Ayush Tewari and Ohad Fried and Justus Thies and Vincent Sitzmann and Stephen Lombardi and Kalyan Sunkavalli and Ricardo Martin-Brualla and Tomas Simon and Jason Saragih and Matthias Nießner and Rohit Pandey and Sean Fanello and Gordon Wetzstein and Jun-Yan Zhu and Christian Theobalt and Maneesh Agrawala and Eli Shechtman and Dan B Goldman and Michael Zollhöfer},
      year={2020},
      eprint={2004.03805},
      archivePrefix={arXiv},
      primaryClass={cs.CV}
}

@misc{mildenhall2020nerf,
      title={NeRF: Representing Scenes as Neural Radiance Fields for View Synthesis}, 
      author={Ben Mildenhall and Pratul P. Srinivasan and Matthew Tancik and Jonathan T. Barron and Ravi Ramamoorthi and Ren Ng},
      year={2020},
      eprint={2003.08934},
      archivePrefix={arXiv},
      primaryClass={cs.CV}
}

@misc{liu2021neural,
      title={Neural Sparse Voxel Fields}, 
      author={Lingjie Liu and Jiatao Gu and Kyaw Zaw Lin and Tat-Seng Chua and Christian Theobalt},
      year={2021},
      eprint={2007.11571},
      archivePrefix={arXiv},
      primaryClass={cs.CV}
}

@misc{bi2020neural,
      title={Neural Reflectance Fields for Appearance Acquisition}, 
      author={Sai Bi and Zexiang Xu and Pratul Srinivasan and Ben Mildenhall and Kalyan Sunkavalli and Miloš Hašan and Yannick Hold-Geoffroy and David Kriegman and Ravi Ramamoorthi},
      year={2020},
      eprint={2008.03824},
      archivePrefix={arXiv},
      primaryClass={cs.CV}
}


@article{Lombardi_2019,
   title={Neural volumes},
   volume={38},
   ISSN={1557-7368},
   url={http://dx.doi.org/10.1145/3306346.3323020},
   DOI={10.1145/3306346.3323020},
   number={4},
   journal={ACM Transactions on Graphics},
   publisher={Association for Computing Machinery (ACM)},
   author={Lombardi, Stephen and Simon, Tomas and Saragih, Jason and Schwartz, Gabriel and Lehrmann, Andreas and Sheikh, Yaser},
   year={2019},
   month={Jul},
   pages={1–14}
}


@misc{häne2017hierarchical,
      title={Hierarchical Surface Prediction for 3D Object Reconstruction}, 
      author={Christian Häne and Shubham Tulsiani and Jitendra Malik},
      year={2017},
      eprint={1704.00710},
      archivePrefix={arXiv},
      primaryClass={cs.CV}
}


@inproceedings{truncdistfield1996curless,
author = {Curless, Brian and Levoy, Marc},
title = {A Volumetric Method for Building Complex Models from Range Images},
year = {1996},
isbn = {0897917464},
publisher = {Association for Computing Machinery},
address = {New York, NY, USA},
url = {https://doi.org/10.1145/237170.237269},
doi = {10.1145/237170.237269},
booktitle = {Proceedings of the 23rd Annual Conference on Computer Graphics and Interactive Techniques},
pages = {303–312},
numpages = {10},
keywords = {isosurface extraction, surface fitting, range image integration, three-dimensional shape recovery},
series = {SIGGRAPH '96}
}


@misc{qi2017pointnet,
      title={PointNet: Deep Learning on Point Sets for 3D Classification and Segmentation}, 
      author={Charles R. Qi and Hao Su and Kaichun Mo and Leonidas J. Guibas},
      year={2017},
      eprint={1612.00593},
      archivePrefix={arXiv},
      primaryClass={cs.CV}
}


@misc{fan2016point,
      title={A Point Set Generation Network for 3D Object Reconstruction from a Single Image}, 
      author={Haoqiang Fan and Hao Su and Leonidas Guibas},
      year={2016},
      eprint={1612.00603},
      archivePrefix={arXiv},
      primaryClass={cs.CV}
}

@article{ballpivoting1999bernardini,
author = {Bernardini, Fausto and Mittleman, J. and Rushmeier, Holly and Silva, Cláudio and Taubin, Gabriel},
year = {1999},
month = {11},
pages = {349 - 359},
title = {The Ball-Pivoting Algorithm for Surface Reconstruction},
volume = {5},
journal = {Visualization and Computer Graphics, IEEE Transactions on},
doi = {10.1109/2945.817351}
}


@misc{wang20183d,
      title={3D Shape Segmentation via Shape Fully Convolutional Networks}, 
      author={Pengyu Wang and Yuan Gan and Panpan Shui and Fenggen Yu and Yan Zhang and Songle Chen and Zhengxing Sun},
      year={2018},
      eprint={1702.08675},
      archivePrefix={arXiv},
      primaryClass={cs.CV}
}


@misc{groueix2018atlasnet,
      title={AtlasNet: A Papier-M\^ach\'e Approach to Learning 3D Surface Generation}, 
      author={Thibault Groueix and Matthew Fisher and Vladimir G. Kim and Bryan C. Russell and Mathieu Aubry},
      year={2018},
      eprint={1802.05384},
      archivePrefix={arXiv},
      primaryClass={cs.CV}
}


@inproceedings{occupancy2019mescheder,
  title = {Occupancy Networks: Learning 3D Reconstruction in Function Space},
  author = {Mescheder, Lars and Oechsle, Michael and Niemeyer, Michael and Nowozin, Sebastian and Geiger, Andreas},
  booktitle = {Proceedings IEEE Conf. on Computer Vision and Pattern Recognition (CVPR)},
  year = {2019},
  doi = {}
}